@artikel{ein1,
  author = {Albert Einstein},
  title = {Zur Elektrodynamik bewegter KÃ¶rper},
  year = {1905}
}
@BOOK{gam1,
  author = {Erich Gamma},
  title = {Design Patterns},
  subtitle = {Elements of Reusable Object-Oriented Software},
  year = {1994}
}
@Online{sho1,
  author = {Peter W. Shor},
  Title = {Polynomial-Time Algorithms for Prime Factorization and Discrete Logarithms on a Quantum Computer},
  Year = {1996},
  Url = {https://arxiv.org/pdf/quant-ph/9508027v2.pdf}
}