@Online{bib_amtoc,
    author = {Claude Shannon},
    Title = {A Mathematical Theory of Communication},
    Year = {1949},
    Url = {https://mast.queensu.ca/~math474/shannon1948.pdf}
}
@BOOK{bib_zebk,
    author = {Albert Einstein},
    title = {Zur Elektrodynamik bewegter KÃ¶rper},
    year = {1905}
}
